<record><leader>00000cas a2200000 a 4500</leader><controlfield tag="001">11407631</controlfield><controlfield tag="008">841120d186u1871ohudn ne      0    0eng c</controlfield><datafield ind1=" " ind2=" " tag="010"><subfield code="a">sn 84028780 </subfield></datafield><datafield ind1=" " ind2=" " tag="040"><subfield code="a">NPY</subfield><subfield code="b">eng</subfield><subfield code="c">NPY</subfield><subfield code="d">NPX</subfield><subfield code="d">DLC</subfield><subfield code="d">ONP</subfield><subfield code="d">CNK</subfield><subfield code="d">NVF</subfield><subfield code="d">OCL</subfield><subfield code="d">CRL</subfield><subfield code="d">DLC</subfield><subfield code="d">OCLCQ</subfield><subfield code="d">CUI</subfield><subfield code="d">DLC</subfield><subfield code="d">OCLCQ</subfield><subfield code="d">OCLCA</subfield><subfield code="d">OCLCF</subfield></datafield><datafield ind1="1" ind2=" " tag="029"><subfield code="a">AU@</subfield><subfield code="b">000020375431</subfield></datafield><datafield ind1=" " ind2=" " tag="042"><subfield code="a">pcc</subfield></datafield><datafield ind1=" " ind2=" " tag="043"><subfield code="a">n-us-oh</subfield></datafield><datafield ind1="0" ind2="0" tag="050"><subfield code="a">Newspaper</subfield></datafield><datafield ind1=" " ind2="4" tag="050"><subfield code="a">AN</subfield></datafield><datafield ind1="0" ind2="4" tag="245"><subfield code="a">The Cleveland morning herald.</subfield></datafield><datafield ind1="1" ind2="3" tag="246"><subfield code="a">Cleveland herald</subfield></datafield><datafield ind1="1" ind2="7" tag="246"><subfield code="a">Cleveland daily herald</subfield></datafield><datafield ind1=" " ind2=" " tag="260"><subfield code="a">Cleveland, Ohio :</subfield><subfield code="b">Fairbanks, Benedict &amp; Co.,</subfield><subfield code="c">-1871.</subfield></datafield><datafield ind1=" " ind2=" " tag="300"><subfield code="a">v.</subfield></datafield><datafield ind1=" " ind2=" " tag="310"><subfield code="a">Daily (except Sunday)</subfield></datafield><datafield ind1="0" ind2=" " tag="362"><subfield code="a">-v. 37, no. 286 (Nov. 30, 1871).</subfield></datafield><datafield ind1=" " ind2=" " tag="530"><subfield code="a">Also issued on microfilm from Western Reserve Historical Society.</subfield></datafield><datafield ind1=" " ind2=" " tag="580"><subfield code="a">Daily evening ed.: Daily Cleveland herald (Cleveland, Ohio : 1853), &lt;1867&gt;-1871.</subfield></datafield><datafield ind1=" " ind2=" " tag="580"><subfield code="a">Weekly eds.: Cleveland herald (Cleveland, Ohio : 1843 : Weekly), &lt;1867&gt;-1868, and: Cleveland weekly herald (Cleveland, Ohio), 1868-1871.</subfield></datafield><datafield ind1=" " ind2=" " tag="580"><subfield code="a">Triweekly ed.: Tri-weekly Cleveland herald, &lt;1867&gt;-1871.</subfield></datafield><datafield ind1=" " ind2=" " tag="588"><subfield code="a">Description based on: Vol. 36, no. 211 (Sept. 15, 1870).</subfield></datafield><datafield ind1=" " ind2="0" tag="651"><subfield code="a">Cleveland (Ohio)</subfield><subfield code="v">Newspapers.</subfield></datafield><datafield ind1=" " ind2="0" tag="651"><subfield code="a">Cuyahoga County (Ohio)</subfield><subfield code="v">Newspapers.</subfield></datafield><datafield ind1=" " ind2="7" tag="655"><subfield code="a">Newspapers.</subfield><subfield code="2">fast</subfield><subfield code="0">(OCoLC)fst01423814</subfield></datafield><datafield ind1=" " ind2="7" tag="651"><subfield code="a">Ohio</subfield><subfield code="z">Cleveland.</subfield><subfield code="2">fast</subfield><subfield code="0">(OCoLC)fst01205966</subfield></datafield><datafield ind1=" " ind2="7" tag="651"><subfield code="a">Ohio</subfield><subfield code="z">Cuyahoga County.</subfield><subfield code="2">fast</subfield><subfield code="0">(OCoLC)fst01202752</subfield></datafield><datafield ind1=" " ind2=" " tag="752"><subfield code="a">United States</subfield><subfield code="b">Ohio</subfield><subfield code="c">Cuyahoga</subfield><subfield code="d">Cleveland.</subfield></datafield><datafield ind1="1" ind2=" " tag="775"><subfield code="t">Daily Cleveland herald (Cleveland, Ohio : 1853)</subfield><subfield code="w">(DLC)sn 83035152</subfield><subfield code="w">(OCoLC)9647644</subfield></datafield><datafield ind1="1" ind2=" " tag="775"><subfield code="t">Cleveland herald (Cleveland, Ohio : 1843 : Weekly)</subfield><subfield code="w">(DLC)sn 83035161</subfield><subfield code="w">(OCoLC)9647585</subfield></datafield><datafield ind1="1" ind2=" " tag="775"><subfield code="t">Cleveland weekly herald (Cleveland, Ohio)</subfield><subfield code="w">(DLC)sn 83035162</subfield><subfield code="w">(OCoLC)9647592</subfield></datafield><datafield ind1="1" ind2=" " tag="775"><subfield code="t">Tri-weekly Cleveland herald</subfield><subfield code="w">(DLC)sn 83035164</subfield><subfield code="w">(OCoLC)9647599</subfield></datafield><datafield ind1="0" ind2="8" tag="776"><subfield code="i">Online version:</subfield><subfield code="t">Cleveland morning herald</subfield><subfield code="w">(OCoLC)605183872</subfield></datafield><datafield ind1="0" ind2="0" tag="780"><subfield code="t">Morning Cleveland herald</subfield><subfield code="w">(DLC)sn 85025852</subfield><subfield code="w">(OCoLC)11955343</subfield></datafield><datafield ind1="0" ind2="0" tag="785"><subfield code="t">Cleveland morning daily herald</subfield><subfield code="w">(DLC)sn 84028781</subfield><subfield code="w">(OCoLC)11407670</subfield></datafield></record>